<?xml version="1.0" encoding="UTF-8"?><collection xmlns="http://www.loc.gov/MARC21/slim"><record><leader>00265nam--2200109-i-4500</leader><controlfield tag="001">000033261</controlfield><controlfield tag="002">20161230</controlfield><controlfield tag="005">20161230201039</controlfield><controlfield tag="008">060222s1000------------r-----000-0-eng-d</controlfield><datafield ind1=" " ind2=" " tag="245"><subfield code="a">Metode noi de prelucrare a tablei</subfield></datafield><datafield ind1=" " ind2=" " tag="260"><subfield code="a">Bucuresti, I.D.T. 1960. 132p</subfield></datafield><datafield ind1=" " ind2=" " tag="852"><subfield code="a">6960</subfield></datafield></record></collection>